@misc{Cencio2020,
    author = {Antonino Cencio},
    title = {SQL Performance Killers: Individual Inserts vs Bulk Inserts},
    year = {2020},
    howpublished = {\url{https://dev.to/antoninocencio/sql-performance-killers-individual-inserts-vs-bulk-inserts-51h4}},
    note = {22.03.2024}
}

@manual{PostgreSQL2021,
    title = {Populating a Database},
    organization = {PostgreSQL},
    year = {2021},
    edition = {Current},
    howpublished = {\url{https://www.postgresql.org/docs/current/populate.html}},
    note = {22.03.2024}
}

@misc{Zamora2020,
    author = {Jose Zamora},
    title = {Speed up your PostgreSQL bulk inserts with COPY},
    year = {2020},
    howpublished = {\url{https://dev.to/josethz00/speed-up-your-postgresql-bulk-inserts-with-copy-40pk}},
    note = {22.03.2024}
}

@online{pganalyze2020,
    author = {pganalyze},
    title = {5 Minutes of Postgres: Optimizing bulk loads - COPY vs INSERT},
    year = {2020},
    url = {https://pganalyze.com/blog/5mins-postgres-optimizing-bulk-loads-copy-vs-insert},
    note = {22.03.2024}
}

@misc{SO_COPYvsINSERT,
    title = {How does COPY work and why is it so much faster than INSERT?},
    year = {2017},
    howpublished = {\url{https://stackoverflow.com/questions/46715354/how-does-copy-work-and-why-is-it-so-much-faster-than-insert}},
    note = {22.03.2024}
}

@misc{MariaDBInsertData2021,
    author = {{MariaDB}},
    title = {How to Quickly Insert Data into MariaDB},
    year = {2021},
    howpublished = {\url{https://mariadb.com/kb/en/how-to-quickly-insert-data-into-mariadb/}},
    note = {22.03.2024}
}

@misc{KinstaMariaDBvsPostgreSQL2021,
    title = {MariaDB vs PostgreSQL: A Detailed Comparison},
    author = {{Kinsta}},
    year = {2021},
    howpublished = {\url{https://kinsta.com/blog/mariadb-vs-postgresql/}},
    note = {22.03.2024}
}

@misc{Mitchell2024,
    author = {{Cal Mitchell}},
    title = {PostgreSQL, MariaDB, and HammerDB Deployment: A Performance Analysis},
    year = {2021},
    howpublished = {\url{https://www.albatrossmigrations.com/blog/mariadb-postgresql-performance}},
    note = {22.03.2024}
}
